<record><leader>00000cas a22000007a 4500</leader><controlfield tag="001">11544024</controlfield><controlfield tag="008">850104c19769999txudn ne      0   a0eng d</controlfield><datafield ind1=" " ind2=" " tag="010"><subfield code="a">sn 85000001 </subfield></datafield><datafield ind1=" " ind2=" " tag="040"><subfield code="a">NSD</subfield><subfield code="b">eng</subfield><subfield code="c">NSD</subfield><subfield code="d">PPM</subfield><subfield code="d">OCLCQ</subfield><subfield code="d">BPLCP</subfield><subfield code="d">OCLCQ</subfield><subfield code="d">OCLCF</subfield><subfield code="d">OCLCO</subfield><subfield code="d">OCLCA</subfield></datafield><datafield ind1=" " ind2=" " tag="012"><subfield code="m">1</subfield></datafield><datafield ind1="1" ind2=" " tag="022"><subfield code="a">8750-5800</subfield><subfield code="l">8750-5800</subfield><subfield code="2">1</subfield></datafield><datafield ind1="1" ind2=" " tag="029"><subfield code="a">AU@</subfield><subfield code="b">000025837259</subfield></datafield><datafield ind1=" " ind2=" " tag="032"><subfield code="a">064040</subfield><subfield code="b">USPS</subfield></datafield><datafield ind1=" " ind2=" " tag="037"><subfield code="b">Banner Press, 2000 Stringer St., PO Box 585, Brenham, TX 77833-0585</subfield></datafield><datafield ind1=" " ind2=" " tag="042"><subfield code="a">nsdp</subfield></datafield><datafield ind1=" " ind2=" " tag="043"><subfield code="a">n-us-tx</subfield></datafield><datafield ind1=" " ind2="4" tag="222"><subfield code="a">The Banner-press</subfield></datafield><datafield ind1="0" ind2="4" tag="245"><subfield code="a">The Banner-press.</subfield></datafield><datafield ind1="3" ind2="0" tag="246"><subfield code="a">Brenham banner press</subfield></datafield><datafield ind1=" " ind2=" " tag="260"><subfield code="a">Brenham, Tex. :</subfield><subfield code="b">Banner-Press, Inc.,</subfield><subfield code="c">1976-</subfield></datafield><datafield ind1=" " ind2=" " tag="310"><subfield code="a">Daily (except Sat., New Year's, Thanksgiving and Christmas days),</subfield><subfield code="b">&lt;Nov. 20, 1984-&gt;</subfield></datafield><datafield ind1=" " ind2=" " tag="321"><subfield code="a">Daily (except Sat., Sun., New Year's, Thnksgiving and Christmas days)</subfield></datafield><datafield ind1="0" ind2=" " tag="362"><subfield code="a">Vol. 110, no. 129 (July 4, 1976)-</subfield></datafield><datafield ind1=" " ind2="0" tag="651"><subfield code="a">Washington County (Tex.)</subfield><subfield code="v">Newspapers.</subfield></datafield><datafield ind1=" " ind2="0" tag="651"><subfield code="a">Brenham (Tex.)</subfield><subfield code="v">Newspapers.</subfield></datafield><datafield ind1=" " ind2="7" tag="655"><subfield code="a">Newspapers.</subfield><subfield code="2">fast</subfield><subfield code="0">(OCoLC)fst01423814</subfield></datafield><datafield ind1=" " ind2="7" tag="651"><subfield code="a">Texas</subfield><subfield code="z">Brenham.</subfield><subfield code="2">fast</subfield><subfield code="0">(OCoLC)fst01216463</subfield></datafield><datafield ind1=" " ind2="7" tag="651"><subfield code="a">Texas</subfield><subfield code="z">Washington County.</subfield><subfield code="2">fast</subfield><subfield code="0">(OCoLC)fst01211500</subfield></datafield><datafield ind1=" " ind2=" " tag="752"><subfield code="a">United States</subfield><subfield code="b">Texas</subfield><subfield code="c">Washington</subfield><subfield code="d">Brenham.</subfield></datafield><datafield ind1="0" ind2="0" tag="780"><subfield code="t">Brenham banner-press</subfield><subfield code="w">(DLC)sn 86089490</subfield></datafield><datafield ind1=" " ind2=" " tag="936"><subfield code="a">Nov. 20, 1984</subfield></datafield></record>